<?xml version="1.0" encoding="UTF-8"?><collection xmlns="http://www.loc.gov/MARC21/slim"><record><leader>00595nam--2200205-u-4500</leader><controlfield tag="001">000056768</controlfield><controlfield tag="002">20190620</controlfield><controlfield tag="005">20190620051220</controlfield><controlfield tag="008">190620s1000------------r-----000-0-eng-d</controlfield><datafield ind1=" " ind2=" " tag="040"><subfield code="a">IFIN-HH</subfield></datafield><datafield ind1=" " ind2=" " tag="041"><subfield code="a">eng</subfield></datafield><datafield ind1="1" ind2=" " tag="100"><subfield code="a">Schmidt, J</subfield></datafield><datafield ind1="1" ind2="0" tag="245"><subfield code="a">XXVIII International Conference on Phenomena in Ionized Gases</subfield><subfield code="c">J. Schmidt, M. Simek, S. Pekarek, V. Prukner (eds.)</subfield></datafield><datafield ind1=" " ind2=" " tag="250"><subfield code="a">Praga</subfield><subfield code="b">Institute of Plasma Physics AS CR</subfield></datafield><datafield ind1=" " ind2=" " tag="260"><subfield code="a">2007</subfield></datafield><datafield ind1=" " ind2=" " tag="300"><subfield code="a">III-XII + 280p</subfield></datafield><datafield ind1=" " ind2=" " tag="500"><subfield code="a">Donatie Gheorghe Dinescu</subfield></datafield><datafield ind1="1" ind2=" " tag="700"><subfield code="a">Prukner, V</subfield></datafield><datafield ind1=" " ind2=" " tag="852"><subfield code="a">82746</subfield><subfield code="c">061.3</subfield></datafield><datafield ind1=" " ind2=" " tag="CAT"><subfield code="a">SYS</subfield><subfield code="c">20190620</subfield><subfield code="h">051220</subfield></datafield></record></collection>